<?xml version="1.0" encoding="UTF-8"?><collection xmlns="http://www.loc.gov/MARC21/slim"><record><leader>00661nam--2200181-i-4500</leader><controlfield tag="001">000023731</controlfield><controlfield tag="002">20161230</controlfield><controlfield tag="005">20161230201035</controlfield><controlfield tag="008">060222s1000------------r-----000-0-rus-d</controlfield><datafield ind1=" " ind2=" " tag="040"><subfield code="a">IFIN-HH</subfield></datafield><datafield ind1=" " ind2=" " tag="041"><subfield code="a">rus</subfield></datafield><datafield ind1=" " ind2=" " tag="080"><subfield code="a">539.12.162.7(061.3)</subfield></datafield><datafield ind1="1" ind2=" " tag="110"><subfield code="a">Erevanskii Fiziceskii Institut</subfield></datafield><datafield ind1="1" ind2="0" tag="245"><subfield code="a">Trudi mejdunarodnogo simpoziuma po perehodnomu izluceniyu ceastit visokih energii erevan 12-17 maia 1977</subfield><subfield code="b">Proceedings of international simposoim on transition radiation of high energy particles, yerevan, 12-17 may 1977</subfield></datafield><datafield ind1=" " ind2=" " tag="260"><subfield code="a">Erevan</subfield><subfield code="b">Erevanskii Fiziceskii Institut</subfield><subfield code="c">1977</subfield></datafield><datafield ind1=" " ind2=" " tag="300"><subfield code="a">660P</subfield></datafield><datafield ind1=" " ind2=" " tag="852"><subfield code="a">45609</subfield><subfield code="c">539.12</subfield></datafield><datafield ind1=" " ind2=" " tag="CAT"><subfield code="a">Sys</subfield><subfield code="c">20111130</subfield><subfield code="h">090847</subfield></datafield></record></collection>